05497@inproceedings{molchanov2017variational,
  title={Variational dropout sparsifies deep neural networks},
  author={Molchanov, Dmitry and Ashukha, Arsenii and Vetrov, Dmitry},
  booktitle={Proceedings of the 34th International Conference on Machine Learning-Volume 70},
  pages={2498--2507},
  year={2017},
  organization={JMLR. org}
}
@article{1803.03635,
  Author = {Jonathan Frankle and Michael Carbin},
  Title = {The Lottery Ticket Hypothesis: Finding Sparse, Trainable Neural Networks},
  Year = {2018},
  Eprint = {arXiv:1803.03635},
  Howpublished = {ICLR 2019},
}
@article{gale2019state,
  title={The state of sparsity in deep neural networks},
  author={Gale, Trevor and Elsen, Erich and Hooker, Sara},
  journal={arXiv preprint arXiv:1902.09574},
  year={2019}
}
@misc{1611.06694,
Author = {Suraj Srinivas and Akshayvarun Subramanya and R. Venkatesh Babu},
Title = {Training Sparse Neural Networks},
Year = {2016},
Eprint = {arXiv:1611.06694},
}
@article{louizos2017learning,
  title={Learning Sparse Neural Networks through $ L\_0 $ Regularization},
  author={Louizos, Christos and Welling, Max and Kingma, Diederik P},
  journal={arXiv preprint arXiv:1712.01312},
  year={2017}
}
@book{shalev2014understanding,
  title={Understanding machine learning: From theory to algorithms},
  author={Shalev-Shwartz, Shai and Ben-David, Shai},
  year={2014},
  publisher={Cambridge university press}
}
@article{srivastava2014dropout,
  title={Dropout: a simple way to prevent neural networks from overfitting},
  author={Srivastava, Nitish and Hinton, Geoffrey and Krizhevsky, Alex and Sutskever, Ilya and Salakhutdinov, Ruslan},
  journal={The journal of machine learning research},
  volume={15},
  number={1},
  pages={1929--1958},
  year={2014},
  publisher={JMLR. org}
}